@ARTICLE{Fortunato2010,
  author  = {Fortunato, S.},
  title   = {Community detection in graphs},
  journal = {Phys. Rep.-Rev. Sec. Phys. Lett.}, 
  volume  = {486},
  year    = {2010},
  pages   = {75-174}
}

@ARTICLE{NewmanGirvan2004,
  author  = {Newman, M. E. J. and Girvan, M.},
  title   = {Finding and evaluating community structure in networks},
  journal = {Phys. Rev. E.}, 
  volume  = {69},
  year    = {2004},
  pages   = {026113}
}

@ARTICLE{Vehlowetal2013,
  author  = {Vehlow, C. and Reinhardt, T. and Weiskopf, D.},
  title   = {Visualizing Fuzzy Overlapping Communities in Networks},
  journal = {IEEE Trans. Vis. Comput. Graph.}, 
  volume  = {19},
  year    = {2013},
  pages   = {2486-2495}
}

@ARTICLE{Raghavanetal2007,
  author  = {Raghavan, U. and Albert, R. and Kumara, S.},
  title   = {Near linear time algorithm to detect community structures in large-scale networks},
  journal = {Phys. Rev E.}, 
  volume  = {76},
  year    = {2007},
  pages   = {036106}
}

@ARTICLE{SubeljBajec2011a,
  author  = {\v{S}ubelj, L. and Bajec, M.},
  title   = {Robust network community detection using balanced propagation},
  journal = {Eur. Phys. J. B.}, 
  volume  = {81},
  year    = {2011},
  pages   = {353-362}
}

@ARTICLE{Louetal2013,
  author  = {Lou, H. and Li, S. and Zhao, Y.},
  title   = {Detecting community structure using label propagation with weighted coherent neighborhood propinquity},
  journal = {Physica A.}, 
  volume  = {392},
  year    = {2013},
  pages   = {3095-3105}
}

@ARTICLE{Clausetetal2004,
  author  = {Clauset, A. and Newman, M. E. J. and Moore, C.},
  title   = {Finding community structure in very large networks},
  journal = {Phys. Rev. E.}, 
  volume  = {70},
  year    = {2004},
  pages   = {066111}
}

@ARTICLE{Blondeletal2008,
  author  = {Blondel, V. D. and Guillaume, J. L. and Lambiotte, R. and Lefebvre, E.},
  title   = {Fast unfolding of communities in large networks},
  journal = {J. Stat. Mech.-Theory Exp.}, 
  volume  = {2008},
  year    = {2008},
  pages   = {P10008}
}

@ARTICLE{SobolevskyCampari2014,
  author  = {Sobolevsky, S. and Campari, R.},
  title   = {General optimization technique for high-quality community detection in complex networks},
  journal = {Phys. Rev. E.}, 
  volume  = {90},
  year    = {2014},
  pages   = {012811}
}

@ARTICLE{FortunatoBarthelemy2007,
  author  = {Fortunato, S. and Barthelemy, M.},
  title   = {Resolution limit in community detection},
  journal = {Proc. Natl. Acad. Sci. U. S. A.}, 
  volume  = {104},
  year    = {2007},
  pages   = {36-41}
}

@ARTICLE{SubeljBajec2011b,
  author  = {\v{S}ubelj, L. and Bajec, M.},
  title   = {Unfolding communities in large complex networks: Combining defensive and offensive label propagation for core extraction},
  journal = {Phys. Rev. E.}, 
  volume  = {83},
  year    = {2011},
  pages   = {036103}
}

@ARTICLE{WangLi2013,
  author  = {Wang, X. and Li, J.},
  title   = {Detecting communities by the core-vertex and intimate degree in complex networks},
  journal = {Physica A.}, 
  volume  = {392},
  year    = {2013},
  pages   = {2555-2563}
}

@ARTICLE{Lietal2013,
  author  = {Li, J. and Wang, X. and Eustace, J.},
  title   = {Detecting overlapping communities by seed community in weighted complex networks},
  journal = {Physica A.}, 
  volume  = {392},
  year    = {2013},
  pages   = {6125-6134}
}

@ARTICLE{Fabioetal2013,
  author  = {Fabio, D. R. and Fabio, D. and Carlo, P.},
  title   = {Profiling core-periphery network structure by random walkers},
  journal = {Sci. Rep.}, 
  volume  = {3},
  year    = {2013},
  pages   = {1467}
}

@ARTICLE{Chenetal2013,
  author  = {Chen, Q. and Wu, T. T. and Fang, M.},
  title   = {Detecting local community structure in complex networks based on local degree central nodes},
  journal = {Physica A.}, 
  volume  = {392},
  year    = {2013},
  pages   = {529-537}
}

@ARTICLE{Zhangetal2007,
  author  = {Zhang, S. and Wang, R. and Zhang, X.},
  title   = {Identification of overlapping community structure in complex networks using fuzzy c-means clustering},
  journal = {Physica A.}, 
  volume  = {374},
  year    = {2007},
  pages   = {483-490}
}

@ARTICLE{Nepuszetal2008,
  author  = {Nepusz, T. and Petr\'oczi, A. and N\'egyessy, L. and Bazs\'o, F.},
  title   = {Fuzzy communities and the concept of bridgeness in complex networks},
  journal = {Phys. Rev. E.}, 
  volume  = {77},
  year    = {2008},
  pages   = {016107}
}

@ARTICLE{FabricioLiang2013,
  author  = {Fabricio, B. and Liang, Z.},
  title   = {Fuzzy community structure detection by particle competition and cooperation},
  journal = {Soft Comput.}, 
  volume  = {17},
  year    = {2013},
  pages   = {659-673}
}

@ARTICLE{Sunetal2011,
  author  = {Sun, P. and Gao, L. and Han, S.},
  title   = {Identification of overlapping and non-overlapping community structure by fuzzy clustering in complex networks},
  journal = {Inf. Sci.}, 
  volume  = {181},
  year    = {2011},
  pages   = {1060-1071}
}

@ARTICLE{Wangetal2013,
  author  = {Wang, W. and Liu, D. and Liu, X. and Pan, L.},
  title   = {Fuzzy overlapping community detection based on local random walk and multidimensional scaling},
  journal = {Physica A.}, 
  volume  = {392},
  year    = {2013},
  pages   = {6578-6586}
}

@ARTICLE{Psorakisetal2011,
  author  = {Psorakis, I. and Roberts, S. and Ebden, M. and Sheldon, B.},
  title   = {Overlapping community detection using Bayesian non-negative matrix factorization},
  journal = {Phys. Rev. E.}, 
  volume  = {83},
  year    = {2011},
  pages   = {066114}
}

@CONFERENCE{ZhangYeung2012,
  author  = {Zhang, Y. and Yeung, D.},
  title   = {Overlapping Community Detection via Bounded Nonnegative Matrix Tri-Factorization},
  booktitle = {In Proc. ACM SIGKDD Conf.}, 
  year    = {2012},
  pages   = {606-614}
}

@ARTICLE{Liu2010,
  author  = {Liu, J.},
  title   = {Fuzzy modularity and fuzzy community structure in networks},
  journal = {Eur. Phys. J. B.}, 
  volume  = {77},
  year    = {2010},
  pages   = {547-557}
}

@ARTICLE{Havensetal2013,
  author  = {Havens, T. C. and Bezdek, J. C. and Leckie, C., Ramamohanarao, K. and Palaniswami, M.},
  title   = {A Soft Modularity Function For Detecting Fuzzy Communities in Social Networks},
  journal = {IEEE Trans. Fuzzy Syst.}, 
  volume  = {21},
  year    = {2013},
  pages   = {1170-1175}
}

@misc{Newman2013,
  author = {Newman, M. E. J.},
  title  = {Network data},
  howpublished = "\url{http://www-personal.umich.edu/~mejn/netdata/}",
  year = {2013}
}

@ARTICLE{SubeljBajec2012,
  author  = {\v{S}ubelj, L. and Bajec, M.},
  title   = {Ubiquitousness of link-density and link-pattern communities in real-world networks},
  journal = {Eur. Phys. J. B.}, 
  volume  = {85},
  year    = {2012},
  pages   = {1-11}
}

@ARTICLE{Lancichinettietal2008,
  author  = {Lancichinetti, A. and Fortunato, S. and Radicchi, F.},
  title   = {Benchmark graphs for testing community detection algorithms},
  journal = {Phys. Rev. E.}, 
  volume  = {78},
  year    = {2008},
  pages   = {046110}
}

@ARTICLE{Liuetal2014,
  author  = {Liu, W. and Pellegrini, M. and Wang, X.},
  title   = {Detecting Communities Based on Network Topology},
  journal = {Sci. Rep.}, 
  volume  = {4},
  year    = {2014},
  pages   = {5739}
}

@ARTICLE{Danonetal2005,
  author  = {Danon, L. and Diaz-Guilera, A. and Duch, J. and Arenas, A.},
  title   = {Comparing community structure identification},
  journal = {J. Stat. Mech.-Theory Exp.}, 
  volume  = {},
  year    = {2005},
  pages   = {P09008}
}

@ARTICLE{Gregory2011,
  author  = {Gregory, S.},
  title   = {Fuzzy overlapping communities in networks},
  journal = {J. Stat. Mech.-Theory Exp.}, 
  volume  = {},
  year    = {2011},
  pages   = {P02017}
}

@ARTICLE{LancichinettiFortunato2009,
  author  = {Lancichinetti, A. and Fortunato, S.},
  title   = {Benchmarks for testing community detection algorithms on directed and weighted graphs with overlapping communities},
  journal = {Phys. Rev. E.}, 
  volume  = {80},
  year    = {2009},
  pages   = {016118}
}

@CONFERENCE{HullermeierRifqi2009,
  author  = {Hullermeier, E. and Rifqi, M.},
  title   = {A Fuzzy Variant of the Rand Index for Comparing Clustering Structures},
  booktitle = {in Proc. IFSA/EUSFLAT Conf.}, 
  year    = {2009},
  pages   = {1294-1298}
}
% My Refs

@INPROCEEDINGS{ruuth2023sg,
  author={Ruuth, Kalle and Mutanen, Antti},
  booktitle={2023 IEEE PES Innovative Smart Grid Technologies Europe (ISGT EUROPE)}, 
  title={{Demonstrating State Estimation for Future Smart Grid}}, 
  year={2023},
  volume={},
  number={},
  pages={1-6},
  keywords={Substation automation;Control systems;Real-time systems;Smart meters;Smart grids;Voltage control;State estimation;Field Demonstration;State Estimation;Smart Grid;Substation Automation;Voltage Control},
  doi={10.1109/ISGTEUROPE56780.2023.10407731}
}

@article{smolenski2022advanced,
  title={{Advanced Metering Infrastructure and Energy Storage for Location and Mitigation of Power Quality Disturbances in the Utility Grid with High Penetration of Renewables}},
  author={Smolenski, Robert and Szczesniak, Pawel and Drozdz, Wojciech and Kasperski, Lukasz},
  journal={Renewable and Sustainable Energy Reviews},
  volume={157},
  pages={111988},
  year={2022},
  publisher={Elsevier},
  doi={10.1016/j.rser.2021.111988}
}

@article{yang2023unsupervised,
  title={{Unsupervised multi-view K-means clustering algorithm}},
  author={Yang, Miin-Shen and Hussain, Ishtiaq},
  journal={IEEE Access},
  volume={11},
  pages={13574--13593},
  year={2023},
  publisher={IEEE},
  doi={10.1109/ACCESS.2023.3243133}
}

@article{junior2023data,
  title={{Data Compression in LoRa Networks: A Compromise between Performance and Energy Consumption}},
  author={J{\'u}nior, Javan A de O and de Camargo, Edson T and Oyamada, Marcio Seiji},
  journal={Journal of Internet Services and Applications},
  volume={14},
  number={1},
  pages={95--106},
  year={2023},
  doi={10.5753/jisa.2023.3000}
}

@ARTICLE{magrin2020lora,
  author={Magrin, Davide and Capuzzo, Martina and Zanella, Andrea},
  journal={IEEE Internet of Things Journal}, 
  title={{A Thorough Study of LoRaWAN Performance Under Different Parameter Settings}}, 
  year={2020},
  volume={7},
  number={1},
  pages={116-127},
  doi={10.1109/JIOT.2019.2946487}
}

@article{matni2020lorawan,
  title={{LoRaWAN gateway placement model for dynamic Internet of Things scenarios}},
  author={Matni, Nagib and Moraes, Jean and Oliveira, Helder and Ros{\'a}rio, Denis and Cerqueira, Eduardo},
  journal={Sensors},
  volume={20},
  number={15},
  pages={4336},
  year={2020},
  publisher={MDPI},
  doi={10.3390/s20154336}
}

@misc{python2022, 
  title={{Python Language}}, 
  url={https://www.python.org/}, 
  journal={Python.org}, 
  author={Python Software Foundation},
  year={2023}
} 

@misc{cpluplus2022, 
  title={{C++ Language}}, 
  url={https://isocpp.org/}, 
  journal={ISO C++ Standards Committee}, 
  author={ISO C++ Standards Committee},
  year={2023}
} 

@article{azevedo2024critical,
  title={{A Critical Review of the Propagation Models Employed in LoRa Systems}},
  author={Azevedo, Joaquim Am{\^a}ndio and Mendon{\c{c}}a, F{\'a}bio},
  journal={Sensors},
  volume={24},
  number={12},
  pages={3877},
  year={2024},
  publisher={Multidisciplinary Digital Publishing Institute},
  doi={10.3390/s24123877}
}

@article{wei2023priority,
  title={Priority-Based Resource Allocation Optimization for Multi-Service LoRaWAN Harmonization in Compliance with IEEE 2668},
  author={Wei, Yang and Tsang, Kim Fung and Wang, Wenyan and Zhou, Morgana Mo},
  journal={Sensors},
  volume={23},
  number={5},
  pages={2660},
  year={2023},
  publisher={MDPI},
  doi={10.3390/s23052660}
}

@article{farhad2020enhanced,
  title={Enhanced lorawan adaptive data rate for mobile internet of things devices},
  author={Farhad, Arshad and Kim, Dae-Ho and Subedi, Santosh and Pyun, Jae-Young},
  journal={Sensors},
  volume={20},
  number={22},
  pages={6466},
  year={2020},
  publisher={MDPI},
  doi={10.3390/s20226466}
}

@ARTICLE{gallardo2021clustering,
  author={Gallardo, José Luis and Ahmed, Mohamed A. and Jara, Nicolás},
  journal={IEEE Access}, 
  title={{Clustering Algorithm-Based Network Planning for Advanced Metering Infrastructure in Smart Grid}}, 
  year={2021},
  volume={9},
  number={},
  pages={48992-49006},
  doi={10.1109/ACCESS.2021.3068752}
}

@article{gallardo2021lora,
  title={{LoRa IoT-based architecture for advanced metering infrastructure in residential smart grid}},
  author={Gallardo, Jos{\'e} Luis and Ahmed, Mohamed A and Jara, Nicol{\'a}s},
  journal={IEEE Access},
  volume={9},
  pages={124295--124312},
  year={2021},
  publisher={IEEE},
  doi={10.1109/ACCESS.2021.3110873}
}

@article{almuhaya2022survey,
  title={A survey on Lorawan technology: Recent trends, opportunities, simulation tools and future directions},
  author={Almuhaya, Mukarram AM and Jabbar, Waheb A and Sulaiman, Noorazliza and Abdulmalek, Suliman},
  journal={Electronics},
  volume={11},
  number={1},
  pages={164},
  year={2022},
  publisher={MDPI},
  doi={10.3390/electronics11010164}
}

@inproceedings{harinda2019comparative,
  title={{Comparative performance analysis of empirical propagation models for lorawan 868mhz in an urban scenario}},
  author={Harinda, Eugen and Hosseinzadeh, Salaheddin and Larijani, Hadi and Gibson, Ryan M},
  booktitle={2019 IEEE 5th World Forum on Internet of Things (WF-IoT)},
  pages={154--159},
  year={2019},
  organization={IEEE},
  doi={10.1109/WF-IoT.2019.8767245}
}

@inproceedings{ingabire2020performance,
  title={{Performance evaluation of propagation models for LoRaWAN in an urban environment}},
  author={Ingabire, Winfred and Larijani, Hadi and Gibson, Ryan M},
  booktitle={2020 International Conference on Electrical, Communication, and Computer Engineering (ICECCE)},
  pages={1--6},
  year={2020},
  organization={IEEE},
  doi={10.1109/ICECCE49384.2020.9179234}
}

@article{veloso2021hydsmaas,
  title={{HyDSMaaS: A Hybrid Communication Infrastructure with LoRaWAN and LoraMesh for the Demand Side Management as a Service}},
  author={Veloso, Artur Felipe da Silva and J{\'u}nior, Jos{\'e} Valdemir Reis and Rabelo, Ricardo de Andrade Lira and Silveira, Jocines Dela-flora},
  journal={Future Internet},
  volume={13},
  number={11},
  pages={271},
  year={2021},
  publisher={MDPI},
  doi={10.3390/fi13110271}
}

@inproceedings{banti2022lorawan,
  title={{LoRaWAN Communication Protocols: A Comprehensive Survey under an Energy Efficiency Perspective}},
  author={Banti, Konstantina and Karampelia, Ioanna and Dimakis, Thomas and Boulogeorgos, Alexandros-Apostolos A and Kyriakidis, Thomas and Louta, Malamati},
  booktitle={Telecom},
  volume={3},
  number={2},
  pages={322--357},
  year={2022},
  organization={MDPI},
  doi={10.3390/telecom3020018}
}

@INPROCEEDINGS{mhatre2023frequency,
  author={Mhatre, Jui and Lee, Ahyoung and Lee, Hoseon},
  booktitle={2023 IEEE Conference on Standards for Communications and Networking (CSCN)}, 
  title={{Frequency Hopping Scheduling Algorithm in Green LoRaWAN: Reinforcement Learning Approach}}, 
  year={2023},
  volume={},
  number={},
  pages={216-221},
  keywords={Energy consumption;Time-frequency analysis;Scheduling algorithms;Atmospheric modeling;Reinforcement learning;Interference;Energy efficiency;Reinforcement Learning;IoT;Deep Deterministic Policy Gradient;Frequency Hopping;Green LoRaWAN},
  doi={10.1109/CSCN60443.2023.10453154}
}

@INPROCEEDINGS{neriPerformance2022,
  author={da Silva, Cristiano N. and de Abreu, Pedro Felipe Ferreira and da Silveira, Jocines D. F. and dos R, José V.},
  booktitle={2022 XII Brazilian Symposium on Computing Systems Engineering (SBESC)}, 
  title={{Estimating the number of gateways through placement strategies in a LoRaWAN network}}, 
  year={2022},
  volume={},
  number={},
  pages={1-6},
  keywords={Performance evaluation;Wide area networks;Costs;Logic gates;Systems engineering and theory;Delays;Planning;Gateway Placement;IoT;FCM;K-means;LoRa;LoRaWAN;CAPEX;OPEX},
  doi={10.1109/SBESC56799.2022.9964620}
}

@article{lima2021adaptive,
  title={Adaptive priority-aware LoRaWAN resource allocation for Internet of Things applications},
  author={Lima, Eduardo and Moraes, Jean and Oliveira, Helder and Cerqueira, Eduardo and Zeadally, Sherali and Ros{\'a}rio, Denis},
  journal={Ad Hoc Networks},
  volume={122},
  pages={102598},
  year={2021},
  publisher={Elsevier},
  doi={10.1016/j.adhoc.2021.102598}
}

@ARTICLE{marini2022lpwan,
  author={Marini, Riccardo and Mikhaylov, Konstantin and Pasolini, Gianni and Buratti, Chiara},
  journal={IEEE Internet of Things Journal}, 
  title={{Low-Power Wide-Area Networks: Comparison of LoRaWAN and NB-IoT Performance}}, 
  year={2022},
  volume={9},
  number={21},
  pages={21051-21063},
  doi={10.1109/JIOT.2022.3176394}
}

@ARTICLE{ali2024tiny,
  author={Ali Lodhi, Muhammad and Obaidat, Mohammad S. and Wang, Lei and Mahmood, Khalid and Ibrahim Qureshi, Khalid and Chen, Jenhui and Hsiao, Kuei-Fang},
  journal={IEEE Internet of Things Journal}, 
  title={{Tiny Machine Learning for Efficient Channel Selection in LoRaWAN}}, 
  year={2024},
  volume={11},
  number={19},
  pages={30714-30724},
  keywords={Channel allocation;Internet of Things;Software;Resource management;Multiaccess communication;Standards;Signal to noise ratio;Intelligent algorithms;Internet of Things (IoT);long range wide area network (LoRaWAN);mobility;tiny machine learning (TinyML)},
  doi={10.1109/JIOT.2024.3413585}
}

@article{farhad2023lorawan,
  title={Lorawan meets ml: A survey on enhancing performance with machine learning},
  author={Farhad, Arshad and Pyun, Jae-Young},
  journal={Sensors},
  volume={23},
  number={15},
  pages={6851},
  year={2023},
  publisher={MDPI},
  doi={10.3390/s23156851}
}

@article{ufa2022review,
  title={{A review on distributed generation impacts on electric power system}},
  author={Ufa, RA and Malkova, Y Yu and Rudnik, VE and Andreev, MV and Borisov, VA},
  journal={International journal of hydrogen energy},
  volume={47},
  number={47},
  pages={20347--20361},
  year={2022},
  publisher={Elsevier},
  doi={10.1016/j.ijhydene.2022.04.142}
}

@book{kabalci2020smart,
  title={{From Smart Grid to Internet of Energy}},
  author={Kabalci, Ersan and Kabalci, Yasin},
  year={2020},
  publisher={Academic Press},
  pages={1--364},
  doi={10.1016/C2018-0-01637-0}
}

@article{mohapatra2021fault,
  title={{A fault tolerant routing scheme for advanced metering infrastructure: an approach towards smart grid}},
  author={Mohapatra, Hitesh and Rath, Amiya Kumar},
  journal={Cluster computing},
  volume={24},
  number={3},
  pages={2193--2211},
  year={2021},
  publisher={Springer},
  doi={10.1007/s10586-021-03255-x}
}

@article{montagny2021lora,
  title={{LoRa-LoRaWAN and Internet of Things for beginners}},
  author={Montagny, Sylvain},
  journal={Available: www. univ-smb. fr/lorawan},
  year={2021},
  pages={1--132}
}

@article{marques2023analysis,
  title={Analysis of Electrical Signals by Machine Learning for Classification of Individualized Electronics on the Internet of Smart Grid Things (IoSGT) architecture},
  author={Marques, Leonardo and Eug{\^e}nio, Paulo and Bastos, Lucas and Santos, Hugo and Ros{\'a}rio, Denis and Nogueira, Eduardo and Cerqueira, Eduardo and Kreutz, M{\'a}rcio and Neto, Augusto},
  journal={Journal of Internet Services and Applications},
  volume={14},
  number={1},
  pages={124--135},
  year={2023},
  doi={10.5753/jisa.2023.3076}
}

@article{voropai2020electric,
  title={{Electric power system transformations: A review of main prospects and challenges}},
  author={Voropai, Nikolai},
  journal={Energies},
  volume={13},
  number={21},
  pages={5639},
  year={2020},
  publisher={MDPI},
  doi={10.3390/en13215639}
}

@INPROCEEDINGS{nashiruddin2021LoRa,
  author={Nashiruddin, Muhammad Imam and Nugraha, Muhammad Adam},
  booktitle={2021 4th International Conference on Information and Communications Technology (ICOIACT)}, 
  title={{Long Range Wide Area Network Deployment for Smart Metering Infrastructure in Urban Area: Case Study of Bandung City}}, 
  year={2021},
  volume={},
  number={},
  pages={221-226},
  keywords={Urban areas;Logic gates;Throughput;Software;Planning;Topology;Servers;IoT;LoRaWAN;LPWAN;Network Implementation;SMI},
  doi={10.1109/ICOIACT53268.2021.9563916}
}

@article{das2022quality,
  title={{Quality of Service Improvement in Neighborhood Area Networking for AMI With ZigBee-Based Tunable Clustered Scale-Free Topology and RPL Routing}},
  author={Das, Rakesh and Bera, Jitendra Nath},
  journal={IEEE Transactions on Smart Grid},
  volume={14},
  number={1},
  pages={453--463},
  year={2022},
  publisher={IEEE},
  doi={10.1109/TSG.2022.3191358}
}


@article{khan2021qos,
  title={{A qos-aware machine learning-based framework for ami applications in smart grids}},
  author={Khan, Asfandyar and Umar, Arif Iqbal and Munir, Arslan and Shirazi, Syed Hamad and Khan, Muazzam A and Adnan, Muhammad},
  journal={Energies},
  volume={14},
  number={23},
  pages={8171},
  year={2021},
  publisher={MDPI},
  doi={10.3390/en14238171}
}

@article{khan2022qos,
  title={{QoS-aware cost minimization strategy for AMI applications in smart grid using cloud computing}},
  author={Khan, Asfandyar and Umar, Arif Iqbal and Shirazi, Syed Hamad and Ishaq, Waqar and Shah, Mohsin and Assam, Muhammad and Mohamed, Abdullah},
  journal={Sensors},
  volume={22},
  number={13},
  pages={4969},
  year={2022},
  publisher={MDPI},
  doi={10.3390/s22134969}
}

@article{khan2023qos,
  title={{A QoS-aware Data Aggregation Strategy for Resource constrained IoT-enabled AMI Network in Smart Grid}},
  author={Khan, Asfandyar and Shirazi, Syed Hamad and Adeel, Muhammad and Assam, Muhammad and Ghadi, Yazeed Yasin and Mohamed, Heba G and Xie, Yong},
  journal={IEEE Access},
  year={2023},
  publisher={IEEE},
  doi={10.1109/ACCESS.2023.3312552}
}

@article{bahrami2020deep,
  title={Deep reinforcement learning for demand response in distribution networks},
  author={Bahrami, Shahab and Chen, Yu Christine and Wong, Vincent WS},
  journal={IEEE Transactions on Smart Grid},
  volume={12},
  number={2},
  pages={1496--1506},
  year={2020},
  publisher={IEEE},
  doi={10.1109/TSG.2020.3037066}
}

@article{campanile2020computer,
  title={{Computer network simulation with ns-3: A systematic literature review}},
  author={Campanile, Lelio and Gribaudo, Marco and Iacono, Mauro and Marulli, Fiammetta and Mastroianni, Michele},
  journal={Electronics},
  volume={9},
  number={2},
  pages={272},
  year={2020},
  publisher={MDPI},
  doi={10.3390/electronics9020272}
}

@ARTICLE{citoni2022sim,
  author={Citoni, Bruno and Ansari, Shuja and Abbasi, Qammer Hussain and Imran, Muhammad Ali and Hussain, Sajjad},
  journal={IEEE Sensors Journal}, 
  title={{Comparative Analysis of an Urban LoRaWAN Deployment: Real World Versus Simulation}}, 
  year={2022},
  volume={22},
  number={17},
  pages={17216-17223},
  keywords={Logic gates;Sensors;Downlink;Mathematical models;Analytical models;Uplink;Signal to noise ratio;Deployment;IoT;LoRaWAN;NS3;PDR;real-life;simulation},
  doi={10.1109/JSEN.2022.3193504}
}

@ARTICLE{si2021clustering,
  author={Si, Caomingzhe and Xu, Shenglan and Wan, Can and Chen, Dawei and Cui, Wenkang and Zhao, Junhua},
  journal={Journal of Modern Power Systems and Clean Energy}, 
  title={{Electric Load Clustering in Smart Grid: Methodologies, Applications, and Future Trends}}, 
  year={2021},
  volume={9},
  number={2},
  pages={237-252},
  keywords={Smart grids;Clustering algorithms;Feature extraction;Indexes;Market research;Data preprocessing;Load forecasting;Electric load clustering;similarity measurement;clustering technique;cluster validity indicator;smart grid},
  doi={10.35833/MPCE.2020.000472}
}

@ARTICLE{alonso2022clustering,
  author={Alonso, Andrés M. and Martín, Eduardo and Mateo, Alicia and Nogales, Francisco J. and Ruiz, Carlos and Veiga, Andrea},
  journal={IEEE Power and Energy Magazine}, 
  title={{Clustering Electricity Consumers: Challenges and Applications for Operating Smart Grids}}, 
  year={2022},
  volume={20},
  number={3},
  pages={54-63},
  keywords={Renewable energy sources;Social networking (online);Time series analysis;Teleworking;Particle measurements;Smart meters;Smart grids},
  doi={10.1109/MPE.2022.3150826}
}

@article{piechowiak2023lorawan,
  title={{LoRaWAN Metering Infrastructure Planning in Smart Cities}},
  author={Piechowiak, Maciej and Zwierzykowski, Piotr and Musznicki, Bartosz},
  journal={Applied Sciences},
  volume={13},
  number={14},
  pages={8431},
  year={2023},
  publisher={MDPI},
  doi={10.3390/app13148431}
}

@article{oyewole2023data,
  title={{Data clustering: application and trends}},
  author={Oyewole, Gbeminiyi John and Thopil, George Alex},
  journal={Artificial Intelligence Review},
  volume={56},
  number={7},
  pages={6439--6475},
  year={2023},
  publisher={Springer},
  doi={10.1007/s10462-022-10325-y}
}

@ARTICLE{mandhi2021clustering,
  author={Mahdi, Mahmoud A. and Hosny, Khalid M. and Elhenawy, Ibrahim},
  journal={IEEE Access}, 
  title={{Scalable Clustering Algorithms for Big Data: A Review}}, 
  year={2021},
  volume={9},
  number={},
  pages={80015-80027},
  keywords={Clustering algorithms;Big Data;Scalability;Partitioning algorithms;Data mining;Classification algorithms;Clustering;unsupervised learning;traditional clustering;parallel clustering;stream clustering;high dimensional data;big data;large-scale},
  doi={10.1109/ACCESS.2021.3084057}
}

@ARTICLE{jouhari2023lorawan,
  author={Jouhari, Mohammed and Saeed, Nasir and Alouini, Mohamed-Slim and Amhoud, El Mehdi},
  journal={IEEE Communications Surveys \& Tutorials}, 
  title={{A Survey on Scalable LoRaWAN for Massive IoT: Recent Advances, Potentials, and Challenges}}, 
  year={2023},
  volume={25},
  number={3},
  pages={1841-1876},
  keywords={Internet of Things;Low-power wide area networks;Long Term Evolution;Surveys;Protocols;Costs;Binary phase shift keying;Adaptive data rate;long-range wide area network (LoRaWAN);low-power wide area network (LPWAN);massive IoT;narrowband Internet of Things (NB-IoT);spreading factor;SigFox},
  doi={10.1109/COMST.2023.3274934}
}

@article{delgado2022lorawan,
  title={{A LoRaWAN architecture for communications in areas without coverage: design and pilot trials}},
  author={Delgado-Ferro, Felix and Navarro-Ortiz, Jorge and Chinchilla-Romero, Natalia and Ramos-Munoz, Juan Jose},
  journal={Electronics},
  volume={11},
  number={5},
  pages={804},
  year={2022},
  publisher={MDPI},
  doi={10.3390/electronics11050804}
}

@INPROCEEDINGS{al2024lpwan,
  author={Al-Sammak, Kanar Alaa and Al-Gburi, Sama Hussein and Marghescu, Cristina and Drăgulinescu, Ana Maria and Suciu, George and Abdulqader, Abedulqader Gailan},
  booktitle={2024 16th International Conference on Electronics, Computers and Artificial Intelligence (ECAI)}, 
  title={{A Comprehensive Assessment of LoRaWAN and NB-IoT Performance Metrics Under Varied Payload Data Sizes}}, 
  year={2024},
  pages={1-5},
  doi={10.1109/ECAI61503.2024.10607481},
}

@INPROCEEDINGS{pradeep2023sg,
  author={Pradeep, Sunkari and Krishna, Shreeya and Reddy, Muthyala Samhitha and Sri, Datrika Divya and Sri, Munigala Sumana},
  booktitle={2023 IEEE 5th International Conference on Cybernetics, Cognition and Machine Learning Applications (ICCCMLA)}, 
  title={{Analysis and Functioning of Smart Grid for Enhancing Energy Efficiency Using Optimization Techniques with IoT}}, 
  year={2023},
  volume={},
  number={},
  pages={316-321},
  doi={10.1109/ICCCMLA58983.2023.10346767}
}

@article{myoung2023data,
  title={{Data interworking model and analysis for harmonization of smart Metering protocols in IoT-Based AMI system}},
  author={Myoung, Nogil and Kwon, Yoojin and Park, Myunghye and Eun, Changsoo},
  journal={Sensors},
  volume={23},
  number={6},
  pages={2903},
  year={2023},
  publisher={MDPI},
  doi={10.3390/s23062903}
}

@article{shaukat2021cluster,
  title={Cluster analysis and model comparison using smart meter data},
  author={Shaukat, Muhammad Arslan and Shaukat, Haafizah Rameeza and Qadir, Zakria and Munawar, Hafiz Suliman and Kouzani, Abbas Z and Mahmud, MA Parvez},
  journal={Sensors},
  volume={21},
  number={9},
  pages={3157},
  year={2021},
  publisher={MDPI},
  doi={10.3390/s21093157}
}

@ARTICLE{heusse2023lorawan,
  author={Heusse, Martin and Caillouet, Christelle and Duda, Andrzej},
  journal={IEEE Internet of Things Journal}, 
  title={Performance of Unslotted ALOHA With Capture and Multiple Collisions in LoRaWAN}, 
  year={2023},
  volume={10},
  number={20},
  pages={17824-17838},
  keywords={Logic gates;Interference;Redundancy;Receivers;Load modeling;Internet of Things;Error correction codes;Capture effect;coverage;long range (LoRa);LoRaWAN;network capacity;packet delivery ratio (PDR);unslotted ALOHA},
  doi={10.1109/JIOT.2023.3280393}
}

@ARTICLE{carvalho2021lorawan,
  author={Carvalho, Dhiego Fernandes and Ferrari, Paolo and Sisinni, Emiliano and Flammini, Alessandra},
  journal={IEEE Systems Journal}, 
  title={Improving Redundancy in LoRaWAN for Mixed-Criticality Scenarios}, 
  year={2021},
  volume={15},
  number={3},
  pages={3682-3691},
  keywords={Wireless communication;Redundancy;Protocols;Uplink;Downlink;Wireless sensor networks;Emergency transmission;low power wide area network (LPWAN);priority;redundancy},
  doi={10.1109/JSYST.2020.3015274}
}

@article{elbsir2023evaluation,
  title={Evaluation of LoRaWAN class B performances and its optimization for better support of actuators},
  author={Elbsir, Houssem Eddin and Kassab, Mohamed and Bhiri, Sami and Bedoui, Mohamed Hedi},
  journal={Computer Communications},
  volume={198},
  pages={128--139},
  year={2023},
  publisher={Elsevier},
  doi={10.1016/j.comcom.2022.11.016}
}

@misc{semtech2024sx1272,
  author={Semtech},
  title={SX1272--LoRa Connect},
  year={2024},
  url={https://www.semtech.com/products/wireless-rf/lora-connect/sx1272},
  note={Accessed: 10 Oct. 2024}
}

